
%%%%%%%%%%%%%%%%%%%%%
% SLAC Previous Work
%%%%%%%%%%%%%%%%%%%%%
@article{Park_2021,
	doi = {10.3847/1538-4357/abdfc4},
  
	year = 2021,
	month = {mar},
  
	publisher = {American Astronomical Society},
  
	volume = {910},
  
	number = {1},
  
	pages = {39},
  
	author = {Ji Won Park and Sebastian Wagner-Carena and Simon Birrer and Philip J. Marshall and Joshua Yao-Yu Lin and Aaron Roodman},
  
	title = {Large-scale Gravitational Lens Modeling with Bayesian Neural Networks for Accurate and Precise Inference of the Hubble Constant},
  
	journal = {The Astrophysical Journal}
}

@article{Wagner_Carena_2023,
   title={From Images to Dark Matter: End-to-end Inference of Substructure from Hundreds of Strong Gravitational Lenses},
   volume={942},
   ISSN={1538-4357},
   url={http://dx.doi.org/10.3847/1538-4357/aca525},
   DOI={10.3847/1538-4357/aca525},
   number={2},
   journal={The Astrophysical Journal},
   publisher={American Astronomical Society},
   author={Wagner-Carena, Sebastian and Aalbers, Jelle and Birrer, Simon and Nadler, Ethan O. and Darragh-Ford, Elise and Marshall, Philip J. and Wechsler, Risa H.},
   year={2023},
   month=jan, pages={75} }

@misc{wagnercarena2024strong,
      title={A Strong Gravitational Lens Is Worth a Thousand Dark Matter Halos: Inference on Small-Scale Structure Using Sequential Methods}, 
      author={Sebastian Wagner-Carena and Jaehoon Lee and Jeffrey Pennington and Jelle Aalbers and Simon Birrer and Risa H. Wechsler},
      year={2024},
      eprint={2404.14487},
      archivePrefix={arXiv},
      primaryClass={astro-ph.CO}
}

@article{Wagner_Carena_2021,
	doi = {10.3847/1538-4357/abdf59},
  
	url = {https://doi.org/10.3847%2F1538-4357%2Fabdf59},
  
	year = 2021,
	month = {mar},
  
	publisher = {American Astronomical Society},
  
	volume = {909},
  
	number = {2},
  
	pages = {187},
  
	author = {Sebastian Wagner-Carena and Ji Won Park and Simon Birrer and Philip J. Marshall and Aaron Roodman and Risa H. Wechsler},
  
	title = {Hierarchical Inference with Bayesian Neural Networks: An Application to Strong Gravitational Lensing},
  
	journal = {The Astrophysical Journal}
}

@article{Hezaveh_2017,
   title={Fast automated analysis of strong gravitational lenses with convolutional neural networks},
   volume={548},
   ISSN={1476-4687},
   url={http://dx.doi.org/10.1038/nature23463},
   DOI={10.1038/nature23463},
   number={7669},
   journal={Nature},
   publisher={Springer Science and Business Media LLC},
   author={Hezaveh, Yashar D. and Levasseur, Laurence Perreault and Marshall, Philip J.},
   year={2017},
   month=aug, pages={555–557} }

@article{Perreault_Levasseur_2017,
   title={Uncertainties in Parameters Estimated with Neural Networks: Application to Strong Gravitational Lensing},
   volume={850},
   ISSN={2041-8213},
   url={http://dx.doi.org/10.3847/2041-8213/aa9704},
   DOI={10.3847/2041-8213/aa9704},
   number={1},
   journal={The Astrophysical Journal Letters},
   publisher={American Astronomical Society},
   author={Perreault Levasseur, Laurence and Hezaveh, Yashar D. and Wechsler, Risa H.},
   year={2017},
   month=nov, pages={L7} }

%%%%%%%%%%%%%%%%%%%%%%%%%%%%%%%%%%%%%%%%%%%%%%%%%%
% Crucial to Our Method (i.e. STRIDES, TDCOSMO IV)
%%%%%%%%%%%%%%%%%%%%%%%%%%%%%%%%%%%%%%%%%%%%%%%%%%

@article{STRIDES,
   title={STRIDES: automated uniform models for 30 quadruply imaged quasars},
   volume={518},
   ISSN={1365-2966},
   url={http://dx.doi.org/10.1093/mnras/stac2235},
   DOI={10.1093/mnras/stac2235},
   number={1},
   journal={Monthly Notices of the Royal Astronomical Society},
   publisher={Oxford University Press (OUP)},
   author={Schmidt, T and Treu, T and Birrer, S and Shajib, A J et al.},
   year={2023},
   month=nov, pages={1260–1300} }

@article{TDCOSMO_IV,

    title={TDCOSMO - IV. Hierarchical time-delay cosmography – joint inference of the Hubble constant and galaxy density profiles},
    author = {S.  Birrer and A. J.  Shajib and A.  Galan and M.  Millon et al.},
    DOI={10.1051/0004-6361/202038861},
    year={2020},
    journal={A\&A},
    number={643 A165}
}

% introduction of NPE technique
@misc{lueckmann2019likelihoodfree,
      title={Likelihood-free inference with emulator networks}, 
      author={Jan-Matthis Lueckmann and Giacomo Bassetto and Theofanis Karaletsos and Jakob H. Macke},
      year={2019},
      eprint={1805.09294},
      archivePrefix={arXiv},
      primaryClass={stat.ML}
}

%NPE loss function
@article{papamakarios2016fast,
  title={Fast $\varepsilon$-free inference of simulation models with bayesian conditional density estimation},
  author={Papamakarios, George and Murray, Iain},
  journal={Advances in neural information processing systems},
  volume={29},
  year={2016}
}

% APT paper
@misc{greenberg2019automatic,
      title={Automatic Posterior Transformation for Likelihood-Free Inference}, 
      author={David S. Greenberg and Marcel Nonnenmacher and Jakob H. Macke},
      year={2019},
      eprint={1905.07488},
      archivePrefix={arXiv},
      primaryClass={cs.LG}
}

$ xResNet34 papers
@INPROCEEDINGS{he_2016,
  author={He, Kaiming and Zhang, Xiangyu and Ren, Shaoqing and Sun, Jian},
  booktitle={2016 IEEE Conference on Computer Vision and Pattern Recognition (CVPR)}, 
  title={Deep Residual Learning for Image Recognition}, 
  year={2016},
  volume={},
  number={},
  pages={770-778},
  keywords={Training;Degradation;Complexity theory;Image recognition;Neural networks;Visualization;Image segmentation},
  doi={10.1109/CVPR.2016.90}}

@misc{he_2018bag,
      title={Bag of Tricks for Image Classification with Convolutional Neural Networks}, 
      author={Tong He and Zhi Zhang and Hang Zhang and Zhongyue Zhang and Junyuan Xie and Mu Li},
      year={2018},
      eprint={1812.01187},
      archivePrefix={arXiv},
      primaryClass={cs.CV}
}

% lenstronomy citations
@misc{birrer2018lenstronomy,
      title={Lenstronomy: multi-purpose gravitational lens modelling software package}, 
      author={Simon Birrer and Adam Amara},
      year={2018},
      eprint={1803.09746},
      archivePrefix={arXiv},
      primaryClass={astro-ph.CO}
}

@article{birrer2021lenstronomy,
  title={lenstronomy II: A gravitational lensing software ecosystem},
  author={Birrer, Simon and Shajib, Anowar J and Gilman, Daniel and Galan, Aymeric and Aalbers, Jelle and Millon, Martin and Morgan, Robert and Pagano, Giulia and Park, Ji Won and Teodori, Luca and others},
  journal={arXiv preprint arXiv:2106.05976},
  year={2021}
}

%emcee citation
@article{emcee,
   author = {{Foreman-Mackey}, D. and {Hogg}, D.~W. and {Lang}, D. and {Goodman}, J.},
    title = {emcee: The MCMC Hammer},
  journal = {PASP},
     year = 2013,
   volume = 125,
    pages = {306-312},
   eprint = {1202.3665},
      doi = {10.1086/670067}
}

% ADAM citation
@misc{kingma2014adam,
      title={Adam: A Method for Stochastic Optimization}, 
      author={Diederik P. Kingma and Jimmy Ba},
      year={2014},
      eprint={1412.6980},
      archivePrefix={arXiv},
      primaryClass={cs.LG}
}

% HST PSF library citation
@MISC{stsci_PSFs,
       author = {{Dauphin}, F. and {Anderson}, J. and {Bajaj}, V. and {Dressel}, L. and {Sahu}, K. and {Bourque}, M. and {Shanahan}, C.},
        title = "{The WFPC2 and WFC3 PSF Database}",
     keywords = {HST, Hubble Space Telescope, STScI, Space Telescope Science Institute, WFC3, Wide Field Camera 3, WFPC2, UVIS, IR, PSF, Database, MAST},
 howpublished = {Instrument Science Report WFC3 2021-12},
         year = 2021,
        month = jul,
        pages = {12},
       adsurl = {https://ui.adsabs.harvard.edu/abs/2021wfc..rept...12D},
      adsnote = {Provided by the SAO/NASA Astrophysics Data System}
}


%%%%%%%%%%%%%%%%%%%%%
% Background/Theory
%%%%%%%%%%%%%%%%%%%%%

% Hubble tension older
@article{Verde_2019,
	doi = {10.1038/s41550-019-0902-0},
  
	url = {https://doi.org/10.1038%2Fs41550-019-0902-0},
  
	year = 2019,
	month = {sep},
  
	publisher = {Springer Science and Business Media {LLC}
},
  
	volume = {3},
  
	number = {10},
  
	pages = {891--895},
  
	author = {Licia Verde and Tommaso Treu and Adam G. Riess},
  
	title = {Tensions between the early and late Universe},
  
	journal = {Nature Astronomy}
}

% Hubble tension newer
@article{Di_Valentino_2021,
   title={In the realm of the Hubble tension—a review of solutions
						            *},
   volume={38},
   ISSN={1361-6382},
   url={http://dx.doi.org/10.1088/1361-6382/ac086d},
   DOI={10.1088/1361-6382/ac086d},
   number={15},
   journal={Classical and Quantum Gravity},
   publisher={IOP Publishing},
   author={Di Valentino, Eleonora and Mena, Olga and Pan, Supriya and Visinelli, Luca and Yang, Weiqiang and Melchiorri, Alessandro and Mota, David F and Riess, Adam G and Silk, Joseph},
   year={2021},
   month=jul, pages={153001} }

% Another Hubble tension reference
@article{Abdalla_2022,
   title={Cosmology intertwined: A review of the particle physics, astrophysics, and cosmology associated with the cosmological tensions and anomalies},
   volume={34},
   ISSN={2214-4048},
   url={http://dx.doi.org/10.1016/j.jheap.2022.04.002},
   DOI={10.1016/j.jheap.2022.04.002},
   journal={Journal of High Energy Astrophysics},
   publisher={Elsevier BV},
   author={Abdalla, Elcio and Abellán, Guillermo Franco and Aboubrahim, Amin and Agnello, Adriano and Akarsu, Özgür and Akrami, Yashar and Alestas, George and Aloni, Daniel and Amendola, Luca and Anchordoqui, Luis A. and Anderson, Richard I. and Arendse, Nikki and Asgari, Marika and Ballardini, Mario and Barger, Vernon and Basilakos, Spyros and Batista, Ronaldo C. and Battistelli, Elia S. and Battye, Richard and Benetti, Micol and Benisty, David and Berlin, Asher and de Bernardis, Paolo and Berti, Emanuele and Bidenko, Bohdan and Birrer, Simon and Blakeslee, John P. and Boddy, Kimberly K. and Bom, Clecio R. and Bonilla, Alexander and Borghi, Nicola and Bouchet, François R. and Braglia, Matteo and Buchert, Thomas and Buckley-Geer, Elizabeth and Calabrese, Erminia and Caldwell, Robert R. and Camarena, David and Capozziello, Salvatore and Casertano, Stefano and Chen, Geoff C.-F. and Chluba, Jens and Chen, Angela and Chen, Hsin-Yu and Chudaykin, Anton and Cicoli, Michele and Copi, Craig J. and Courbin, Fred and Cyr-Racine, Francis-Yan and Czerny, Bożena and Dainotti, Maria and D’Amico, Guido and Davis, Anne-Christine and de Cruz Pérez, Javier and de Haro, Jaume and Delabrouille, Jacques and Denton, Peter B. and Dhawan, Suhail and Dienes, Keith R. and Di Valentino, Eleonora and Du, Pu and Eckert, Dominique and Escamilla-Rivera, Celia and Ferté, Agnès and Finelli, Fabio and Fosalba, Pablo and Freedman, Wendy L. and Frusciante, Noemi and Gaztañaga, Enrique and Giarè, William and Giusarma, Elena and Gómez-Valent, Adrià and Handley, Will and Harrison, Ian and Hart, Luke and Hazra, Dhiraj Kumar and Heavens, Alan and Heinesen, Asta and Hildebrandt, Hendrik and Hill, J. Colin and Hogg, Natalie B. and Holz, Daniel E. and Hooper, Deanna C. and Hosseininejad, Nikoo and Huterer, Dragan and Ishak, Mustapha and Ivanov, Mikhail M. and Jaffe, Andrew H. and Jang, In Sung and Jedamzik, Karsten and Jimenez, Raul and Joseph, Melissa and Joudaki, Shahab and Kamionkowski, Marc and Karwal, Tanvi and Kazantzidis, Lavrentios and Keeley, Ryan E. and Klasen, Michael and Komatsu, Eiichiro and Koopmans, Léon V.E. and Kumar, Suresh and Lamagna, Luca and Lazkoz, Ruth and Lee, Chung-Chi and Lesgourgues, Julien and Levi Said, Jackson and Lewis, Tiffany R. and L’Huillier, Benjamin and Lucca, Matteo and Maartens, Roy and Macri, Lucas M. and Marfatia, Danny and Marra, Valerio and Martins, Carlos J.A.P. and Masi, Silvia and Matarrese, Sabino and Mazumdar, Arindam and Melchiorri, Alessandro and Mena, Olga and Mersini-Houghton, Laura and Mertens, James and Milaković, Dinko and Minami, Yuto and Miranda, Vivian and Moreno-Pulido, Cristian and Moresco, Michele and Mota, David F. and Mottola, Emil and Mozzon, Simone and Muir, Jessica and Mukherjee, Ankan and Mukherjee, Suvodip and Naselsky, Pavel and Nath, Pran and Nesseris, Savvas and Niedermann, Florian and Notari, Alessio and Nunes, Rafael C. and Ó Colgáin, Eoin and Owens, Kayla A. and Özülker, Emre and Pace, Francesco and Paliathanasis, Andronikos and Palmese, Antonella and Pan, Supriya and Paoletti, Daniela and Perez Bergliaffa, Santiago E. and Perivolaropoulos, Leandros and Pesce, Dominic W. and Pettorino, Valeria and Philcox, Oliver H.E. and Pogosian, Levon and Poulin, Vivian and Poulot, Gaspard and Raveri, Marco and Reid, Mark J. and Renzi, Fabrizio and Riess, Adam G. and Sabla, Vivian I. and Salucci, Paolo and Salzano, Vincenzo and Saridakis, Emmanuel N. and Sathyaprakash, Bangalore S. and Schmaltz, Martin and Schöneberg, Nils and Scolnic, Dan and Sen, Anjan A. and Sehgal, Neelima and Shafieloo, Arman and Sheikh-Jabbari, M.M. and Silk, Joseph and Silvestri, Alessandra and Skara, Foteini and Sloth, Martin S. and Soares-Santos, Marcelle and Solà Peracaula, Joan and Songsheng, Yu-Yang and Soriano, Jorge F. and Staicova, Denitsa and Starkman, Glenn D. and Szapudi, István and Teixeira, Elsa M. and Thomas, Brooks and Treu, Tommaso and Trott, Emery and van de Bruck, Carsten and Vazquez, J. Alberto and Verde, Licia and Visinelli, Luca and Wang, Deng and Wang, Jian-Min and Wang, Shao-Jiang and Watkins, Richard and Watson, Scott and Webb, John K. and Weiner, Neal and Weltman, Amanda and Witte, Samuel J. and Wojtak, Radosław and Yadav, Anil Kumar and Yang, Weiqiang and Zhao, Gong-Bo and Zumalacárregui, Miguel},
   year={2022},
   month=jun, pages={49–211} }

@article{desicollaboration2024desi,
      title={DESI 2024 VI: Cosmological Constraints from the Measurements of Baryon Acoustic Oscillations}, 
      author={{DESI Collaboration} and A. G. Adame and J. Aguilar and S. Ahlen and S. Alam and D. M. Alexander et al.},
      journal= {arXiv e-prints},
      pages = {arXiv:2404.03002},
      doi = {10.48550/arXiv.2404.03002},
      year={2024},
      eprint={2404.03002},
      archivePrefix={arXiv},
      primaryClass={astro-ph.CO}
}
›
@misc{desc_SRD_21,
      title={The LSST Dark Energy Science Collaboration (DESC) Science Requirements Document}, 
      author={{The LSST Dark Energy Science Collaboration} and Rachel Mandelbaum and Tim Eifler and Renée Hložek and Thomas Collett and Eric Gawiser et al.},
      year={2021},
      eprint={1809.01669},
      archivePrefix={arXiv},
      primaryClass={astro-ph.CO}
}

@article{Hogg_2023,
   title={Constraints on dark energy from TDCOSMO \& SLACS lenses},
   volume={529},
   ISSN={1745-3933},
   url={http://dx.doi.org/10.1093/mnrasl/slae005},
   DOI={10.1093/mnrasl/slae005},
   number={1},
   journal={Monthly Notices of the Royal Astronomical Society: Letters},
   publisher={Oxford University Press (OUP)},
   author={Hogg, Natalie B},
   year={2023},
   month=dec, pages={L95–L100} }

@article{Collett_2015,
   title={THE POPULATION OF GALAXY–GALAXY STRONG LENSES IN FORTHCOMING OPTICAL IMAGING SURVEYS},
   volume={811},
   ISSN={1538-4357},
   url={http://dx.doi.org/10.1088/0004-637X/811/1/20},
   DOI={10.1088/0004-637x/811/1/20},
   number={1},
   journal={The Astrophysical Journal},
   publisher={American Astronomical Society},
   author={Collett, Thomas E.},
   year={2015},
   month=sep, pages={20} }

@article{Oguri_2010,
       author = {{Oguri}, Masamune and {Marshall}, Philip J.},
        title = "{Gravitationally lensed quasars and supernovae in future wide-field optical imaging surveys}",
      journal = {\mnras},
     keywords = {gravitational lensing: strong, cosmological parameters, cosmology: theory, Astrophysics - Cosmology and Nongalactic Astrophysics},
         year = 2010,
        month = jul,
       volume = {405},
       number = {4},
        pages = {2579-2593},
          doi = {10.1111/j.1365-2966.2010.16639.x},
archivePrefix = {arXiv},
       eprint = {1001.2037},
 primaryClass = {astro-ph.CO},
       adsurl = {https://ui.adsabs.harvard.edu/abs/2010MNRAS.405.2579O},
      adsnote = {Provided by the SAO/NASA Astrophysics Data System}
}

@article{refsdal64,
   title={On the Possibility of Determining Hubble's Parameter and the Masses of Galaxies from the Gravitational Lens Effect},
   ISSN={0035-8711},
   url={https://doi.org/10.1093/mnras/128.4.307},
   DOI={10.1093/mnras/128.4.307},
   journal={Monthly Notices of the Royal Astronomical Society},
   author={Refsdal, Sjur},
   year={1964}}

% TDC review 1
@article{Treu_TDC_review,
  title={Strong lensing time-delay cosmography in the 2020s},
  author={Treu, Tommaso and Suyu, Sherry H and Marshall, Philip J},
  journal={The Astronomy and Astrophysics Review},
  volume={30},
  number={1},
  pages={8},
  year={2022},
  publisher={Springer}
}

% TDC review 2
@article{Birrer_TDC_review,
    author = "Birrer, S. and Millon, M. and Sluse, D. and Shajib, A. J. and Courbin, F. and Erickson, S. and Koopmans, L. V. E. and Suyu, S. H. and Treu, T.",
    title = "{Time-Delay Cosmography: Measuring the Hubble Constant and Other Cosmological Parameters with Strong Gravitational Lensing}",
    eprint = "2210.10833",
    archivePrefix = "arXiv",
    primaryClass = "astro-ph.CO",
    doi = "10.1007/s11214-024-01079-w",
    journal = "Space Sci. Rev.",
    volume = "220",
    number = "5",
    pages = "48",
    year = "2024"
}

% w0,wa from strong lenses (see figure 12.14)
@misc{lsst_science_book,
      title={LSST Science Book, Version 2.0}, 
      author={{LSST Science Collaboration} and Paul A. Abell and Julius Allison and Scott F. Anderson and John R. Andrew and J. Roger P. Angel et al.},
      year={2009},
      eprint={0912.0201},
      archivePrefix={arXiv},
      primaryClass={astro-ph.IM}
}

% Linder w0,wa from strong lenses
@article{Linder_2011,
   title={Lensing time delays and cosmological complementarity},
   volume={84},
   ISSN={1550-2368},
   url={http://dx.doi.org/10.1103/PhysRevD.84.123529},
   DOI={10.1103/physrevd.84.123529},
   number={12},
   journal={Physical Review D},
   publisher={American Physical Society (APS)},
   author={Linder, Eric V.},
   year={2011},
   month=dec }

% PEMD profile
@article{Barkana_1998,
   title={Fast Calculation of a Family of Elliptical Gravitational Lens Models},
   volume={502},
   ISSN={1538-4357},
   url={http://dx.doi.org/10.1086/305950},
   DOI={10.1086/305950},
   number={2},
   journal={The Astrophysical Journal},
   publisher={American Astronomical Society},
   author={Barkana, Rennan},
   year={1998},
   month=aug, pages={531–537} }

% Sersic profile
@article{sersic,
  title={Atlas de galaxias australes},
  author={S\'ersic, Jose Luis},
  journal={Cordoba},
  year={1968}
}

% importance of gamma_lens for H_0
@article{suyu2012cosmography,
  title={Cosmography from two-image lens systems: overcoming the lens profile slope degeneracy},
  author={Suyu, SH},
  journal={Monthly Notices of the Royal Astronomical Society},
  volume={426},
  number={2},
  pages={868--879},
  year={2012},
  publisher={Blackwell Science Ltd Oxford, UK}
}

% importance of image positions
@article{birrer_and_treu_2019,
       author = {{Birrer}, Simon and {Treu}, Tommaso},
        title = "{Astrometric requirements for strong lensing time-delay cosmography}",
      journal = {\mnras},
     keywords = {gravitational lensing: strong, astrometry, cosmological parameters, Astrophysics - Cosmology and Nongalactic Astrophysics, Astrophysics - Astrophysics of Galaxies},
         year = 2019,
        month = oct,
       volume = {489},
       number = {2},
        pages = {2097-2103},
          doi = {10.1093/mnras/stz2254},
archivePrefix = {arXiv},
       eprint = {1904.10965},
 primaryClass = {astro-ph.CO},
       adsurl = {https://ui.adsabs.harvard.edu/abs/2019MNRAS.489.2097B},
      adsnote = {Provided by the SAO/NASA Astrophysics Data System}
}

% scaling of source size with gamma_lens
@article{marshall_2007,
       author = {{Marshall}, Philip J. and {Treu}, Tommaso and {Melbourne}, Jason and {Gavazzi}, Rapha{\"e}l and {Bundy}, Kevin and {Ammons}, S. Mark and {Bolton}, Adam S. and {Burles}, Scott and {Larkin}, James E. and {Le Mignant}, David and {Koo}, David C. and {Koopmans}, L{\'e}on V.~E. and {Max}, Claire E. and {Moustakas}, Leonidas A. and {Steinbring}, Eric and {Wright}, Shelley A.},
        title = "{Superresolving Distant Galaxies with Gravitational Telescopes: Keck Laser Guide Star Adaptive Optics and Hubble Space Telescope Imaging of the Lens System SDSS J0737+3216}",
      journal = {\apj},
     keywords = {Galaxies: Fundamental Parameters, Cosmology: Gravitational Lensing, Instrumentation: Adaptive Optics, Methods: Data Analysis, Techniques: High Anular Resolution, Astrophysics},
         year = 2007,
        month = dec,
       volume = {671},
       number = {2},
        pages = {1196-1211},
          doi = {10.1086/523091},
archivePrefix = {arXiv},
       eprint = {0710.0637},
 primaryClass = {astro-ph},
       adsurl = {https://ui.adsabs.harvard.edu/abs/2007ApJ...671.1196M},
      adsnote = {Provided by the SAO/NASA Astrophysics Data System}
}

%%%%%%%%%%%%%%%%%%%%%%%%%
% Previous Lens Modeling
%%%%%%%%%%%%%%%%%%%%%%%%%

@article{TDCOSMOI,
   title={TDCOSMO: I. An exploration of systematic uncertainties in the inference of H0 from time-delay cosmography},
   volume={639},
   ISSN={1432-0746},
   url={http://dx.doi.org/10.1051/0004-6361/201937351},
   DOI={10.1051/0004-6361/201937351},
   journal={Astronomy \&; Astrophysics},
   publisher={EDP Sciences},
   author={Millon, M. and Galan, A. and Courbin, F. and Treu, T. and Suyu, S. H. and Ding, X. and Birrer, S. and Chen, G. C.-F. and Shajib, A. J. and Sluse, D. and Wong, K. C. and Agnello, A. and Auger, M. W. and Buckley-Geer, E. J. and Chan, J. H. H. and Collett, T. and Fassnacht, C. D. and Hilbert, S. and Koopmans, L. V. E. and Motta, V. and Mukherjee, S. and Rusu, C. E. and Sonnenfeld, A. and Spiniello, C. and Van de Vyvere, L.},
   year={2020},
   month=jul, pages={A101} }

@misc{TDCOSMOSIX,
  doi = {10.48550/ARXIV.2202.11101},
  
  url = {https://arxiv.org/abs/2202.11101},
  
  author = {Shajib, A. J. and Wong, K. C. and Birrer, S. and Suyu, S. H. et al.},
  
  keywords = {Cosmology and Nongalactic Astrophysics (astro-ph.CO), FOS: Physical sciences, FOS: Physical sciences},
  
  title = {TDCOSMO. IX. Systematic comparison between lens modelling software programs: time delay prediction for WGD 2038-4008},
  
  publisher = {arXiv},
  
  year = {2022},
  
  copyright = {Creative Commons Attribution 4.0 International}
}


% time delay lens modeling challenge
@article{ding2021time,
  title={Time delay lens modelling challenge},
  author={Ding, X and Treu, T and Birrer, S and Chen, G CF and Coles, J and Denzel, P and Frigo, M and Galan, A and Marshall, PJ and Millon, M and others},
  journal={Monthly Notices of the Royal Astronomical Society},
  volume={503},
  number={1},
  pages={1096--1123},
  year={2021},
  publisher={Oxford University Press}
}

# initial holismokes deep learning paper
@article{holismokes_iv,
  title={HOLISMOKES-IV. Efficient mass modeling of strong lenses through deep learning},
  author={Schuldt, S and Suyu, SH and Meinhardt, T and Leal-Taix{\'e}, L and Ca{\~n}ameras, R and Taubenberger, S and Halkola, A},
  journal={Astronomy \& Astrophysics},
  volume={646},
  pages={A126},
  year={2021},
  publisher={EDP Sciences}
}

# ML technique development, HOLISMOKES
@article{holismokes_IX,
  title={HOLISMOKES-IX. Neural network inference of strong-lens parameters and uncertainties from ground-based images},
  author={Schuldt, S and Ca{\~n}ameras, R and Shu, Y and Suyu, SH and Taubenberger, S and Meinhardt, T and Leal-Taix{\'e}, L},
  journal={Astronomy \& Astrophysics},
  volume={671},
  pages={A147},
  year={2023},
  publisher={EDP Sciences}
}

# TDCOSMO glee automated modeling 
@article{ertl2023tdcosmo,
  title={TDCOSMO-X. Automated modeling of nine strongly lensed quasars and comparison between lens-modeling software},
  author={Ertl, S and Schuldt, S and Suyu, SH and Schmidt, T and Treu, T and Birrer, S and Shajib, AJ and Sluse, Dominique},
  journal={Astronomy \& Astrophysics},
  volume={672},
  pages={A2},
  year={2023},
  publisher={EDP Sciences}
}

# ML + glee automated modeling
@article{Schuldt_2023,
   title={HOLISMOKES: X. Comparison between neural network and semi-automated traditional modeling of strong lenses},
   volume={673},
   ISSN={1432-0746},
   url={http://dx.doi.org/10.1051/0004-6361/202244534},
   DOI={10.1051/0004-6361/202244534},
   journal={Astronomy \& Astrophysics},
   publisher={EDP Sciences},
   author={Schuldt, S. and Suyu, S. H. and Cañameras, R. and Shu, Y. and Taubenberger, S. and Ertl, S. and Halkola, A.},
   year={2023},
   month=may, pages={A33} }

% dolphin automated lenstronomy modeling (also SLACS 2021)
@article{Shajib_2021,
   title={Dark matter haloes of massive elliptical galaxies at z ∼ 0.2 are well described by the Navarro–Frenk–White profile},
   volume={503},
   ISSN={1365-2966},
   url={http://dx.doi.org/10.1093/mnras/stab536},
   DOI={10.1093/mnras/stab536},
   number={2},
   journal={Monthly Notices of the Royal Astronomical Society},
   publisher={Oxford University Press (OUP)},
   author={Shajib, Anowar J and Treu, Tommaso and Birrer, Simon and Sonnenfeld, Alessandro},
   year={2021},
   month=feb, pages={2380–2405} }

% etherington automated SLACS modeling
@ARTICLE{etherington_automated_modeling,
       author = {{Etherington}, Amy and {Nightingale}, James W. and {Massey}, Richard and {Cao}, XiaoYue and {Robertson}, Andrew and {Amorisco}, Nicola C. and {Amvrosiadis}, Aristeidis and {Cole}, Shaun and {Frenk}, Carlos S. and {He}, Qiuhan and {Li}, Ran and {Tam}, Sut-Ieng},
        title = "{Automated galaxy-galaxy strong lens modelling: No lens left behind}",
      journal = {\mnras},
     keywords = {gravitational lensing: strong, software: data analysis, galaxies: fundamental parameters, dark matter, Astrophysics - Cosmology and Nongalactic Astrophysics, Astrophysics - Astrophysics of Galaxies, Astrophysics - Instrumentation and Methods for Astrophysics},
         year = 2022,
        month = dec,
       volume = {517},
       number = {3},
        pages = {3275-3302},
          doi = {10.1093/mnras/stac2639},
archivePrefix = {arXiv},
       eprint = {2202.09201},
 primaryClass = {astro-ph.CO},
}

% uniform modeling of 13 lensed quasars
@article{shajib2019every,
  title={Is every strong lens model unhappy in its own way? Uniform modelling of a sample of 13 quadruply+ imaged quasars},
  author={Shajib, Anowar J and Birrer, Simon and Treu, Tommaso and Auger, Matthew W and Agnello, A and Anguita, Timo and Buckley-Geer, EJ and Chan, JHH and Collett, TE and Courbin, Fr{\'e}d{\'e}ric and others},
  journal={Monthly Notices of the Royal Astronomical Society},
  volume={483},
  number={4},
  pages={5649--5671},
  year={2019},
  publisher={Oxford University Press}
}

% GIGALENS
@article{Gu_2022,
   title={GIGA-Lens: Fast Bayesian Inference for Strong Gravitational Lens Modeling},
   volume={935},
   ISSN={1538-4357},
   url={http://dx.doi.org/10.3847/1538-4357/ac6de4},
   DOI={10.3847/1538-4357/ac6de4},
   number={1},
   journal={The Astrophysical Journal},
   publisher={American Astronomical Society},
   author={Gu, A. and Huang, X. and Sheu, W. and Aldering, G. and Bolton, A. S. and Boone, K. and Dey, A. and Filipp, A. and Jullo, E. and Perlmutter, S. and Rubin, D. and Schlafly, E. F. and Schlegel, D. J. and Shu, Y. and Suyu, S. H.},
   year={2022},
   month=aug, pages={49} }

% HERCULENS
@article{Galan_2022,
   title={Using wavelets to capture deviations from smoothness in galaxy-scale strong lenses},
   volume={668},
   ISSN={1432-0746},
   url={http://dx.doi.org/10.1051/0004-6361/202244464},
   DOI={10.1051/0004-6361/202244464},
   journal={Astronomy \&; Astrophysics},
   publisher={EDP Sciences},
   author={Galan, A. and Vernardos, G. and Peel, A. and Courbin, F. and Starck, J.-L.},
   year={2022},
   month=dec, pages={A155} }

% HERCULENS application w/ 140min timing
@misc{galan2024el,
      title={El Gordo needs El Anzuelo: Probing the structure of cluster members with multi-band extended arcs in JWST data}, 
      author={A. Galan and G. B. Caminha and J. Knollmüller and J. Roth and S. H. Suyu},
      year={2024},
      eprint={2402.18636},
      archivePrefix={arXiv},
      primaryClass={astro-ph.GA}
}

% Gravity.jl
@article{lombardi_gravity_jl,
       author = {{Lombardi}, Marco},
        title = "{Gravity.jl: fast and accurate gravitational lens modeling in Julia}",
      journal = {arXiv e-prints},
     keywords = {Astrophysics - Instrumentation and Methods for Astrophysics},
         year = 2024,
        month = jun,
          eid = {arXiv:2406.15280},
        pages = {arXiv:2406.15280},
          doi = {10.48550/arXiv.2406.15280},
archivePrefix = {arXiv},
       eprint = {2406.15280},
 primaryClass = {astro-ph.IM},
       adsurl = {https://ui.adsabs.harvard.edu/abs/2024arXiv240615280L},
      adsnote = {Provided by the SAO/NASA Astrophysics Data System}
}


% PROJECT DINOS
@ARTICLE{tan2023project,
       author = {{Tan}, Chin Yi and {Shajib}, Anowar J. and {Birrer}, Simon and {Sonnenfeld}, Alessandro and {Treu}, Tommaso and {Wells}, Patrick and {Williams}, Devon and {Buckley-Geer}, Elizabeth J. and {Drlica-Wagner}, Alex and {Frieman}, Joshua},
        title = "{Project Dinos I: A joint lensing-dynamics constraint on the deviation from the power law in the mass profile of massive ellipticals}",
      journal = {\mnras},
     keywords = {gravitational lensing: strong, galaxies: elliptical and lenticular, cD, Astrophysics - Astrophysics of Galaxies},
         year = 2024,
        month = may,
       volume = {530},
       number = {2},
        pages = {1474-1505},
          doi = {10.1093/mnras/stae884},
archivePrefix = {arXiv},
       eprint = {2311.09307},
 primaryClass = {astro-ph.GA},
       adsurl = {https://ui.adsabs.harvard.edu/abs/2024MNRAS.530.1474T},
      adsnote = {Provided by the SAO/NASA Astrophysics Data System}
}


% 2019 lens modeling
@article{pearson2019use,
  title={The use of convolutional neural networks for modelling large optically-selected strong galaxy-lens samples},
  author={Pearson, James and Li, Nan and Dye, Simon},
  journal={Monthly Notices of the Royal Astronomical Society},
  volume={488},
  number={1},
  pages={991--1004},
  year={2019},
  publisher={Oxford University Press}
}

% another DESC lens modeling effort!!
@article{madireddy2019modular,
  title={A modular deep learning pipeline for galaxy-scale strong gravitational lens detection and modeling},
  author={Madireddy, Sandeep and Ramachandra, Nesar and Li, Nan and Butler, James and Balaprakash, Prasanna and Habib, Salman and Heitmann, Katrin and Collaboration, The LSST},
  journal={arXiv preprint arXiv:1911.03867},
  year={2019}
}

% POH et al MAF (normalizing flow)
@misc{poh2022strong,
      title={Strong Lensing Parameter Estimation on Ground-Based Imaging Data Using Simulation-Based Inference}, 
      author={Jason Poh and Ashwin Samudre and Aleksandra Ćiprijanović and Brian Nord and Gourav Khullar and Dimitrios Tanoglidis and Joshua A. Frieman},
      year={2022},
      eprint={2211.05836},
      archivePrefix={arXiv},
      primaryClass={astro-ph.IM}
}

% combining BNNS and parametric fitting
@article{Pearson_2021,
   title={Strong lens modelling: comparing and combining Bayesian neural networks and parametric profile fitting},
   volume={505},
   ISSN={1365-2966},
   url={http://dx.doi.org/10.1093/mnras/stab1547},
   DOI={10.1093/mnras/stab1547},
   number={3},
   journal={Monthly Notices of the Royal Astronomical Society},
   publisher={Oxford University Press (OUP)},
   author={Pearson, James and Maresca, Jacob and Li, Nan and Dye, Simon},
   year={2021},
   month=may, pages={4362–4382} }

% HSC modeling
@misc{gawade2024neural,
      title={Neural network prediction of model parameters for strong lensing samples from Hyper Suprime-Cam Survey}, 
      author={Priyanka Gawade and Anupreeta More and Surhud More and Akisato Kimura and Alessandro Sonnenfeld and Masamune Oguri and Naoki Yoshida},
      year={2024},
      eprint={2404.18897},
      archivePrefix={arXiv},
      primaryClass={astro-ph.CO}
}

% LEMON modeling
@article{Gentile_2023,
   title={<scp>lemon</scp>: LEns MOdelling with Neural networks – I. Automated modelling of strong gravitational lenses with Bayesian Neural Networks},
   volume={522},
   ISSN={1365-2966},
   url={http://dx.doi.org/10.1093/mnras/stad1325},
   DOI={10.1093/mnras/stad1325},
   number={4},
   journal={Monthly Notices of the Royal Astronomical Society},
   publisher={Oxford University Press (OUP)},
   author={Gentile, Fabrizio and Tortora, Crescenzo and Covone, Giovanni and Koopmans, Léon V E and Li, Rui and Leuzzi, Laura and Napolitano, Nicola R},
   year={2023},
   month=may, pages={5442–5455} }

% SLACS 2021
% see entry above for Shajib 2021

% SLACS original
@article{Auger_2010,
   title={THE SLOAN LENS ACS SURVEY. X. STELLAR, DYNAMICAL, AND TOTAL MASS CORRELATIONS OF MASSIVE EARLY-TYPE GALAXIES},
   volume={724},
   ISSN={1538-4357},
   url={http://dx.doi.org/10.1088/0004-637X/724/1/511},
   DOI={10.1088/0004-637x/724/1/511},
   number={1},
   journal={The Astrophysical Journal},
   publisher={American Astronomical Society},
   author={Auger, M. W. and Treu, T. and Bolton, A. S. and Gavazzi, R. and Koopmans, L. V. E. and Marshall, P. J. and Moustakas, L. A. and Burles, S.},
   year={2010},
   month=nov, pages={511–525} }

% Legin (Montreal Group)
% functional form investigation
@article{Legin_2023,
   title={A Framework for Obtaining Accurate Posteriors of Strong Gravitational Lensing Parameters with Flexible Priors and Implicit Likelihoods Using Density Estimation},
   volume={943},
   ISSN={1538-4357},
   url={http://dx.doi.org/10.3847/1538-4357/aca7c2},
   DOI={10.3847/1538-4357/aca7c2},
   number={1},
   journal={The Astrophysical Journal},
   publisher={American Astronomical Society},
   author={Legin, Ronan and Hezaveh, Yashar and Perreault-Levasseur, Laurence and Wandelt, Benjamin},
   year={2023},
   month=jan, pages={4} }

%%%%%%%%%%%%%%%%%%
% Machine Learning
%%%%%%%%%%%%%%%%%%

@misc{kolmus2024tuning,
      title={Tuning neural posterior estimation for gravitational wave inference}, 
      author={Alex Kolmus and Justin Janquart and Tomasz Baka and Twan van Laarhoven and Chris Van Den Broeck and Tom Heskes},
      year={2024},
      eprint={2403.02443},
      archivePrefix={arXiv},
      primaryClass={astro-ph.IM}
}

%%%%%%%%%%%%%%%%%%%%%%%%%
% Power-Law Slope Context
%%%%%%%%%%%%%%%%%%%%%%%%%

@inbook{Buote_2011,
   title={Dark Matter in Elliptical Galaxies},
   ISBN={9781461405801},
   ISSN={0067-0057},
   url={http://dx.doi.org/10.1007/978-1-4614-0580-1_8},
   DOI={10.1007/978-1-4614-0580-1_8},
   booktitle={Astrophysics and Space Science Library},
   publisher={Springer New York},
   author={Buote, David A. and Humphrey, Philip J.},
   year={2010},
   month=aug, pages={235–277} }

@article{Cappellari_2016,
   title={Structure and Kinematics of Early-Type Galaxies from Integral Field Spectroscopy},
   volume={54},
   ISSN={1545-4282},
   url={http://dx.doi.org/10.1146/annurev-astro-082214-122432},
   DOI={10.1146/annurev-astro-082214-122432},
   number={1},
   journal={Annual Review of Astronomy and Astrophysics},
   publisher={Annual Reviews},
   author={Cappellari, Michele},
   year={2016},
   month=sep, pages={597–665} }

@article{treu_2006,
       author = {{Treu}, Tommaso and {Koopmans}, L{\'e}on V. and {Bolton}, Adam S. and {Burles}, Scott and {Moustakas}, Leonidas A.},
        title = "{The Sloan Lens ACS Survey. II. Stellar Populations and Internal Structure of Early-Type Lens Galaxies}",
      journal = {\apj},
     keywords = {Galaxies: Elliptical and Lenticular, cD, Galaxies: Evolution, Galaxies: Formation, Galaxies: Structure, Cosmology: Gravitational Lensing, Astrophysics},
         year = 2006,
        month = apr,
       volume = {640},
       number = {2},
        pages = {662-672},
          doi = {10.1086/500124},
archivePrefix = {arXiv},
       eprint = {astro-ph/0512044},
 primaryClass = {astro-ph},
       adsurl = {https://ui.adsabs.harvard.edu/abs/2006ApJ...640..662T},
      adsnote = {Provided by the SAO/NASA Astrophysics Data System}
}
